<record><leader>00000cas a2200000 a 4500</leader><controlfield tag="001">13239836</controlfield><controlfield tag="008">860305u1890uuuucouwr ne      0    0eng d</controlfield><datafield ind1=" " ind2=" " tag="010"><subfield code="a">sn 86063231 </subfield></datafield><datafield ind1=" " ind2=" " tag="040"><subfield code="a">KSH</subfield><subfield code="b">eng</subfield><subfield code="c">KSH</subfield><subfield code="d">NPT</subfield><subfield code="d">OCL</subfield><subfield code="d">OCLCQ</subfield></datafield><datafield ind1=" " ind2=" " tag="042"><subfield code="a">msc</subfield></datafield><datafield ind1="0" ind2="4" tag="245"><subfield code="a">The Otero County republican.</subfield></datafield><datafield ind1=" " ind2=" " tag="260"><subfield code="a">LaJunta, Colo. :</subfield><subfield code="b">Republican Print. Co. :</subfield><subfield code="b">Geo. Henry,</subfield><subfield code="c">1890-</subfield></datafield><datafield ind1=" " ind2=" " tag="300"><subfield code="a">v. :</subfield><subfield code="b">ill. ;</subfield><subfield code="c">60 cm.</subfield></datafield><datafield ind1=" " ind2=" " tag="310"><subfield code="a">Weekly</subfield></datafield><datafield ind1="0" ind2=" " tag="362"><subfield code="a">Vol. 1, no. 1 (July 11, 1890)-</subfield></datafield><datafield ind1=" " ind2=" " tag="500"><subfield code="a">Published by Republican Printing Co. &amp; C.L. Seeley, Dec. 19, 1890-</subfield></datafield><datafield ind1=" " ind2=" " tag="752"><subfield code="a">United States</subfield><subfield code="b">Colorado</subfield><subfield code="c">Otero</subfield><subfield code="d">LaJunta.</subfield></datafield><datafield ind1="1" ind2=" " tag="029"><subfield code="a">AU@</subfield><subfield code="b">000022167564</subfield></datafield></record>